<record><leader>00000cas a22000007a 4500</leader><controlfield tag="001">26866020</controlfield><controlfield tag="008">921027d19901991ohuwr ne      0    0eng d</controlfield><datafield ind1=" " ind2=" " tag="010"><subfield code="a">sn 92063765 </subfield></datafield><datafield ind1=" " ind2=" " tag="040"><subfield code="a">ONP</subfield><subfield code="b">eng</subfield><subfield code="c">ONP</subfield><subfield code="d">OCLCQ</subfield></datafield><datafield ind1=" " ind2=" " tag="042"><subfield code="a">msc</subfield></datafield><datafield ind1="0" ind2="0" tag="245"><subfield code="a">Lancaster Fairfield midweek.</subfield></datafield><datafield ind1="1" ind2="7" tag="246"><subfield code="a">Midweek</subfield></datafield><datafield ind1=" " ind2=" " tag="260"><subfield code="a">Lancaster, Oh. [Ohio] :</subfield><subfield code="b">Alspach,</subfield><subfield code="c">1990-1991.</subfield></datafield><datafield ind1=" " ind2=" " tag="300"><subfield code="a">v.</subfield></datafield><datafield ind1=" " ind2=" " tag="310"><subfield code="a">Weekly</subfield></datafield><datafield ind1="0" ind2=" " tag="362"><subfield code="a">Vol. 1, no. 1 (Feb. 21, 1990)-v. 1, no. 48 (Jan. 16/22, 1991).</subfield></datafield><datafield ind1=" " ind2="4" tag="651"><subfield code="a">Lancaster (Ohio)</subfield><subfield code="v">Newspapers.</subfield></datafield><datafield ind1=" " ind2="4" tag="651"><subfield code="a">Fairfield County (Ohio)</subfield><subfield code="v">Newspapers.</subfield></datafield><datafield ind1=" " ind2=" " tag="752"><subfield code="a">United States</subfield><subfield code="b">Ohio</subfield><subfield code="c">Fairfield</subfield><subfield code="d">Lancaster.</subfield></datafield><datafield ind1="0" ind2="0" tag="785"><subfield code="t">Midweek news (Lancaster, Ohio)</subfield><subfield code="w">(DLC)sn 92063760</subfield></datafield><datafield ind1="1" ind2=" " tag="029"><subfield code="a">AU@</subfield><subfield code="b">000020725892</subfield></datafield></record>